
@article{hendijani2016intrinsic,
  title={Intrinsic motivation, external reward, and their effect on overall motivation and performance},
  author={Hendijani, Rosa and Bischak, Diane P and Arvai, Joseph and Dugar, Subhasish},
  journal={Human Performance},
  volume={29},
  number={4},
  pages={251--274},
  year={2016},
  publisher={Taylor \& Francis}
}
@article{deci2017self,
  title={Self-determination theory in work organizations: The state of a science},
  author={Deci, Edward L and Olafsen, Anja H and Ryan, Richard M},
  journal={Annual Review of Organizational Psychology and Organizational Behavior},
  volume=4,
  pages={19--43},
  year=2017,
  publisher={Annual Reviews}
}
@article{ariely2009large,
  title={Large stakes and big mistakes},
  author={Ariely, Dan and Gneezy, Uri and Loewenstein, George and Mazar, Nina},
  journal={The Review of Economic Studies},
  volume={76},
  number={2},
  pages={451--469},
  year={2009},
  publisher={Wiley-Blackwell}
}

@misc{martin2013,
	Author = {Thoma, Martin},
	Howpublished = {Thoma Martin},
	Keywords = {Manual},
	Title = {LaTeX Beamer},
	Url = {https://martin-thoma.com/latex-beamer/},
	Urlaccessdate = {19 Jul 2020},
	Year = {2013},
	Bdsk-Url-1 = {https://martin-thoma.com/latex-beamer/}}

@misc{thomas2013,
 title={LaTeX Beamer},
 howpublished = "\url{https://martin-thoma.com/latex-beamer/}",
 author={Thoma, Martin},
 year={2013},
 month={Mar}
 }

@article{greenwade1993comprehensive,
  title={The comprehensive TEX archive network (ctan)},
  author={Greenwade, George D},
  journal={TUGBoat},
  volume={14},
  number={3},
  pages={342--351},
  year={1993},
  publisher={Addison-Wesley}
}

@article{geier2004,
  title={An attempt to improve diagnostics of contact allergy due to epoxy resin systems. First results of the multicentre study EPOX 2002},
  author={Geier, Johannes and Lessmann, Holger and Hillen, Uwe and Jappe, Uta and Dickel, Heinrich and Koch, Patrick and Frosch, Peter J and Schnuch, Axel and Uter, Wolfgang},
  journal={Contact Dermatitis},
  volume={51},
  number={5-6},
  pages={263--272},
  year={2004},
  publisher={Wiley Online Library}
}


@article{knauff2015correction,
  title={Correction: An Efficiency Comparison of Document Preparation Systems Used in Academic Research and Development.},
  author={Knauff, M and Nejasmic, J},
  journal={PloS one},
  volume={10},
  number={4},
  pages={e0125830},
  year={2015}
}

@article{brischoux2009don,
  title={Don’t format manuscripts},
  author={Brischoux, Fran{\c{c}}ois and Legagneux, Pierre},
  journal={The Scientist},
  volume={23},
  number={7},
  pages={24},
  year={2009}
}

@article{araujoclasse,
  title={A classe abntex2},
  author={Araujo, Lauro C{\'e}sar},
  journal={Documentos t{\'e}cnicos e cient{\'\i}ficos brasileiros},
  year=2018
}

@article{baramidze2014,
  title={Latex for technical writing},
  author={Baramidze, Victoria},
  journal={Journal of Technical Science and Technologies},
  volume={2},
  number={2},
  pages={45--48},
  year={2014}
}

@book{goossens1994,
  title={The LATEX companion},
  author={Goossens, Michel and Mittelbach, Frank and Samarin, Alexander},
  volume={1},
  year={1994},
  publisher={Addison-Wesley Reading}
}

@book{haralambous2007,
  title={Fonts \& encodings},
  author={Haralambous, Yannis},
  year={2007},
  publisher={" O'Reilly Media, Inc."}
}

@article{hwang1995,
  title={Writing in the Age of LATEX},
  author={Hwang, Andrew D},
  journal={Notices of the AMS},
  volume=42,
  number=8,
  year=1995
}

@article{ignat2005,
  title={Word to LATEX for a large, multi-author scientific paper},
  author={Ignat, DW},
  journal={TPJ},
  volume={2005},
  number={03},
  year={2005}
}

@book{knuth1979,
  title={TEX and METAFONT: New directions in typesetting},
  author={Knuth, Donald Ervin},
  year={1979},
  publisher={American Mathematical Society}
}

@book{knuth1986,
  title={TEX: the Program},
  author={Knuth, Donald Ervin},
  year={1986},
  publisher={Addison-Wesley}
}

@misc{tantau2010,
  title={The LaTeX Beamer Class},
  author={Tantau, Till and Wright, Joseph and Miletic, Vedran},
  year={2010}
}

@book{lamport1994,
  title={LATEX: a document preparation system: user's guide and reference manual},
  author={Lamport, Leslie},
  year=1994,
  publisher={Addison-wesley}
}

@article{abntex2012,
  title={A classe abntex2: Modelo can{\^o}nico de trabalhos acad{\^e}micos brasileiros compat{\'\i}vel com as normas ABNT NBR 14724: 2011, ABNT NBR 6024: 2012 e outras.[Sl], 2012},
  author={ABNTEX, E},
  journal={http://code. google. com/p-/abntex2/>. Citado},
  volume={2},
  pages={2},
  year={2012}
}
@misc{wikipedia_2021W, title={Microsoft, list of operating systems}, howpublished="\url{https://en.wikipedia.org/wiki/List_of_Microsoft_operating_systems}", journal={Wikipedia}, publisher={Wikimedia Foundation}, year=2021, month={May}}

@misc{wikipedia_2021Mac, title={MacOS version history}, howpublished="\url{https://en.wikipedia.org/wiki/MacOS_version_history}", journal={Wikipedia}, publisher={Wikimedia Foundation}, year={2021}, month={Jun}}

@misc{wikipedia_2021Linux, title={Linux, list of distributions}, howpublished="\url{https://en.wikipedia.org/wiki/List_of_Linux_distributions}", journal={Wikipedia}, publisher={Wikimedia Foundation}, year={2021}, month={May}}

@misc{emacswiki2021history, title={Emacs History}, howpublished="\url{https://www.emacswiki.org/emacs/EmacsHistory}", journal={EmacsWiki}, year={2021}, month={May}}
@article{stallman2002my,
  title={My Lisp Experiences and the Development of GNU Emacs (transcript of Richard Stallman’s Speech, 28 Oct 2002, at the International Lisp Conference)},
  author={Stallman, R},
  journal={URL (consulted December 2003): http://www. gnu. org/gnu/rms-lisp. html},
  year={2002}
}
@article{torvalds1997linux,
  title={Linux: a portable operating system},
  author={Torvalds, Linus},
  journal={Master's thesis, University of Helsinki},
  year={1997}
}

@misc{stallman1997, title={Linux and GNU - GNU Project - Free Software Foundation}, howpublished="\url{https://www.gnu.org/gnu/linux-and-gnu.html}", journal={GNU Project}, author={Stallman, Richard},  year={1997}}

@article{rackauckas2017differentialequations,
  title={Differentialequations.jl--a performant and feature-rich ecosystem for solving differential equations in julia},
  author={Rackauckas, Christopher and Nie, Qing},
  journal={Journal of Open Research Software},
  volume={5},
  number={1},
  year={2017},
  publisher={Ubiquity Press}
}

@misc{ma2021modelingtoolkit,
      title={ModelingToolkit: A Composable Graph Transformation System For Equation-Based Modeling},
      author={Yingbo Ma and Shashi Gowda and Ranjan Anantharaman and Chris Laughman and Viral Shah and Chris Rackauckas},
      year={2021},
      eprint={2103.05244},
      archivePrefix={arXiv},
      primaryClass={cs.MS}
}

@article{gowda2019sparsity,
  title={Sparsity Programming: Automated Sparsity-Aware Optimizations in Differentiable Programming},
  author={Gowda, Shashi and Ma, Yingbo and Churavy, Valentin and Edelman, Alan and Rackauckas, Christopher},
  year={2019}
}
@article{rackauckas2020universal,
  title={Universal Differential Equations for Scientific Machine Learning},
  author={Rackauckas, Christopher and Ma, Yingbo and Martensen, Julius and Warner, Collin and Zubov, Kirill and Supekar, Rohit and Skinner, Dominic and Ramadhan, Ali},
  journal={arXiv preprint arXiv:2001.04385},
  year={2020}
}
@article{rackauckas2019diffeqflux,
  title={Diffeqflux.jl-A julia library for neural differential equations},
  author={Rackauckas, Chris and Innes, Mike and Ma, Yingbo and Bettencourt, Jesse and White, Lyndon and Dixit, Vaibhav},
  journal={arXiv preprint arXiv:1902.02376},
  year={2019}
}
@article{rackauckas2018comparison,
  title={A comparison of automatic differentiation and continuous sensitivity analysis for derivatives of differential equation solutions},
  author={Rackauckas, Christopher and Ma, Yingbo and Dixit, Vaibhav and Guo, Xingjian and Innes, Mike and Revels, Jarrett and Nyberg, Joakim and Ivaturi, Vijay},
  journal={arXiv preprint arXiv:1812.01892},
  year={2018}
}
@article{sykora2020stochasticdelaydiffeq,
  title={StochasticDelayDiffEq. jl-An Integrator Interface for Stochastic Delay Differential Equations in Julia},
  author={Sykora, Henrik T and Rackauckas, Christopher V and Widmann, David and Bachrathy, D{\'a}niel},
  year={2020}
}
@article{rackauckas_stability-optimized_2018,
	title = {Stability-{Optimized} {High} {Order} {Methods} and {Stiffness} {Detection} for {Pathwise} {Stiff} {Stochastic} {Differential} {Equations}},
	url = {http://arxiv.org/abs/1804.04344},
	journal = {arXiv:1804.04344 [math]},
	author = {Rackauckas, Christopher and Nie, Qing},
	year = {2018},
}
@article{rackauckas2017adaptive,
  title={Adaptive methods for stochastic differential equations via natural embeddings and rejection sampling with memory},
  author={Rackauckas, Christopher and Nie, Qing},
  journal={Discrete and continuous dynamical systems. Series B},
  volume={22},
  number={7},
  pages={2731},
  year={2017},
  publisher={NIH Public Access}
}
@article{rackauckas2019confederated,
  title={Confederated modular differential equation APIs for accelerated algorithm development and benchmarking},
  author={Rackauckas, Christopher and Nie, Qing},
  journal={Advances in Engineering Software},
  volume={132},
  pages={1--6},
  year={2019},
  publisher={Elsevier}
}

@article{knuth1968art,
  title={The Art of Computer Programming, vol 1: Fundamental},
  author={Knuth, Donald E},
  journal={algorithms},
  pages={187},
  year={1968}
}

@article{hippel2003open,
  title={Open source software and the “private-collective” innovation model: Issues for organization science},
  author={Hippel, Eric von and Krogh, Georg von},
  journal={Organization science},
  volume={14},
  number={2},
  pages={209--223},
  year={2003},
  publisher={Informs}
}

@article{peters2009open,
  title={Open education and the open science economy},
  author={Peters, Michael A},
  journal={Yearbook of the National Society for the Study of Education},
  volume={108},
  number={2},
  pages={203--225},
  year={2009}
}

@article{mirowski2018future,
  title={The future (s) of open science},
  author={Mirowski, Philip},
  journal={Social studies of science},
  volume={48},
  number={2},
  pages={171--203},
  year={2018},
  publisher={SAGE Publications Sage UK: London, England}
}

@article{fang2020cryptocurrency,
  title={Cryptocurrency trading: a comprehensive survey},
  author={Fang, Fan and Ventre, Carmine and Basios, Michail and Kong, Hoiliong and Kanthan, Leslie and Li, Lingbo and Martinez-Regoband, David and Wu, Fan},
  journal={arXiv preprint arXiv:2003.11352},
  year={2020}
}
@book{sussman2015structure,
  title={Structure and interpretation of classical mechanics},
  author={Sussman, Gerald Jay and Wisdom, Jack},
  year={2015},
  publisher={The MIT Press}
}
@book{abelson1996structure,
  title={Structure and interpretation of computer programs},
  author={Abelson, Harold and Sussman, Gerald Jay},
  year={1996},
  publisher={The MIT Press}
}

@article{hughes1989functional,
  title={Why functional programming matters},
  author={Hughes, John},
  journal={The computer journal},
  volume={32},
  number={2},
  pages={98--107},
  year={1989},
  publisher={Oxford University Press}
}


@software{sicmutils2016github,
  author = {Colin Smith and Sam Ritchie},
  title = {{SICMU}tils: {F}unctional {C}omputer {A}lgebra in {C}lojure},
  howpublished="\url{http://github.com/sicmutils/sicmutils}",
  version = {0.19.2},
  year = {2016},
}

@misc{clojure2020, title={Brazilian challenger Nubank acquires firm behind Clojure and Datomic}, howpublished="\url{https://www.fintechfutures.com/2020/07/brazilian-challenger-nubank-acquires-firm-behind-clojure-and-datomic/}", journal={FinTech Futures}, author={Alex Hamilton}, year={2020}, month={Jul}}